@article{badin2002,
  title={Three-dimensional linear articulatory modeling of tongue, lips and face, based on {MRI} and video images},
  author={Badin, Pierre and Bailly, Gerard and Reveret, Lionel and Baciu, Monica and Segebarth, Christoph and Savariaux, Christophe},
  journal={Journal of Phonetics},
  volume={30},
  number={3},
  pages={533--553},
  year={2002},
  publisher={Elsevier}
}
@inproceedings{bekolay2013,
  title={Simultaneous unsupervised and supervised learning of cognitive functions in biologically plausible spiking neural networks},
  author={Bekolay, Trevor and Kolbeck, Carter and Eliasmith, Chris},
  booktitle={Proceedings of the 35th Annual Conference of the Cognitive Science Society},
  pages={169--174},
  year={2013}
}
@inproceedings{birkholz2006,
  title={Construction and control of a three-dimensional vocal tract model},
  author={Birkholz, Peter and Jack{\`e}l, Dietmar and Kroger, BJ},
  booktitle={Acoustics, Speech and Signal Processing, 2006. ICASSP 2006 Proceedings. 2006 IEEE International Conference on},
  volume={1},
  pages={873--876},
  year={2006},
  organization={IEEE}
}
@article{birkholz2013,
  title={Modeling consonant-vowel coarticulation for articulatory speech synthesis},
  author={Birkholz, Peter},
  journal={PloS one},
  volume={8},
  number={4},
  pages={e60603},
  year={2013},
  publisher={Public Library of Science}
}
@article{bruce2003,
  title={An auditory-periphery model of the effects of acoustic trauma on auditory nerve responses},
  author={Bruce, Ian C and Sachs, Murray B and Young, Eric D},
  journal={The Journal of the Acoustical Society of America},
  volume={113},
  pages={369--388},
  year={2003}
}
@article{chen1997,
  title={Analog transmission line model for simulation of systemic circulation},
  author={Chen, Chao-Wang and Shau, Y-WR and Wu, Chien-Ping},
  journal={Biomedical Engineering, IEEE Transactions on},
  volume={44},
  number={1},
  pages={90--94},
  year={1997},
  publisher={IEEE}
}
@article {conklin2005,
  title = {A controlled attractor network model of path integration in the rat},
  journal = {Journal of Computational Neuroscience},
  volume = {18},
  year = {2005},
  pages = {183-203},
  author = {John Conklin and Chris Eliasmith}
}
@article{dang2004,
  title={Construction and control of a physiological articulatory model},
  author={Dang, Jianwu and Honda, Kiyoshi},
  journal={The Journal of the Acoustical Society of America},
  volume={115},
  number={2},
  pages={853--870},
  year={2004},
  publisher={Acoustical Society of America}
}
@article{dewolf2011,
  title={The neural optimal control hierarchy for motor control},
  author={DeWolf, T and Eliasmith, C},
  journal={Journal of Neural Engineering},
  volume={8},
  number={6},
  pages={065009},
  year={2011},
  publisher={IOP Publishing}
}
@article{dudley2005,
  title={The speaking machine of Wolfgang von Kempelen},
  author={Dudley, Homer and Tarnoczy, Thomas H},
  journal={The Journal of the Acoustical Society of America},
  volume={22},
  number={2},
  pages={151--166},
  year={2005},
  publisher={Acoustical Society of America}
}
@book{eliasmith2003,
  title={Neural engineering: Computation, representation, and dynamics in neurobiological systems},
  author={Eliasmith, Chris and Anderson, C Charles H},
  year={2003},
  publisher={MIT Press}
}
@article{eliasmith2012,
  title={A large-scale model of the functioning brain},
  author={Eliasmith, Chris and Stewart, Terrence C and Choo, Xuan and Bekolay, Trevor and DeWolf, Travis and Tang, Charlie and Rasmussen, Daniel},
  journal={Science},
  volume={338},
  number={6111},
  pages={1202--1205},
  year={2012},
  publisher={American Association for the Advancement of Science}
}
@inproceedings{elmasri1996,
  title={Vocal tract acoustics using the transmission line matrix ({TLM}) method},
  author={El-Masri, Samir and Pelorson, Xavier and Saguet, Pierre and Badin, Pierre},
  booktitle={Fourth International Conference on Spoken Language},
  volume={2},
  pages={953--956},
  year={1996},
  organization={IEEE}
}
@article{fiete2007,
  title={Model of birdsong learning based on gradient estimation by dynamic perturbation of neural conductances},
  author={Fiete, Ila R and Fee, Michale S and Seung, H Sebastian},
  journal={Journal of Neurophysiology},
  volume={98},
  number={4},
  pages={2038--2057},
  year={2007},
  publisher={American Physiological Society}
}
@article{fiete2008,
  title={Neural network models of birdsong production, learning, and coding},
  author={Fiete, Ila R and Seung, H Sebastian},
  journal={The New Encyclopedia of Neuroscience, L. Squire, T. Albright, F. Bloom, F. Gage, and N. Spitzer, eds.(New York: Elsevier)},
  year={2008}
}
@article{furui1981,
  title={Cepstral analysis technique for automatic speaker verification},
  author={Furui, Sadaoki},
  journal={Acoustics, Speech and Signal Processing, IEEE Transactions on},
  volume={29},
  number={2},
  pages={254--272},
  year={1981},
  publisher={IEEE}
}
@inproceedings{graves2006,
  title={Connectionist temporal classification: labelling unsegmented sequence data with recurrent neural networks},
  author={Graves, Alex and Fern{\'a}ndez, Santiago and Gomez, Faustino and Schmidhuber, J{\"u}rgen},
  booktitle={Proceedings of the 23rd international conference on Machine learning},
  pages={369--376},
  year={2006},
  organization={ACM}
}
@article{hermansky1990,
  title={Perceptual linear predictive ({PLP}) analysis of speech},
  author={Hermansky, Hynek},
  journal={The Journal of the Acoustical Society of America},
  volume={87},
  pages={1738--1752},
  year={1990}
}
@article{howard2011,
  title={Modeling the development of pronunciation in infant speech acquisition.},
  author={Howard, Ian S and Messum, Piers},
  journal={Motor Control},
  volume={15},
  number={1},
  pages={85--117},
  year={2011}
}
@inproceedings{hunt1996,
  title={Unit selection in a concatenative speech synthesis system using a large speech database},
  author={Hunt, Andrew J and Black, Alan W},
  booktitle={1996 IEEE International Conference on Acoustics, Speech, and Signal Processing},
  volume={1},
  pages={373--376},
  year={1996},
  organization={IEEE}
}
@inproceedings{jaitly2012,
  title={Application of Pretrained Deep Neural Networks to Large Vocabulary Speech Recognition.},
  author={Jaitly, Navdeep and Nguyen, Patrick and Senior, Andrew W and Vanhoucke, Vincent},
  booktitle={INTERSPEECH},
  year={2012}
}
@techreport{kinga2012,
  title={The {B}lizzard {C}hallenge 2012},
  author={Kinga, Simon and Karaiskosb, Vasilis},
  year={2012},
  institution={Carnegie Mellon University},
  publisher={Citeseer}
}
@article{klatt1987,
  title={Review of text-to-speech conversion for {E}nglish},
  author={Klatt, Dennis H},
  journal={The Journal of the Acoustical Society of America},
  volume={82},
  number={3},
  pages={737--793},
  year={1987},
  publisher={Acoustical Society of America}
}
@article{kroger1992,
  title={Minimal rules for articulatory speech synthesis},
  author={Kr{\"o}ger, BJ},
  journal={Proceedings of EUSIPCO92},
  pages={331--334},
  year={1992}
}
@article{kroger2009,
  title={Towards a neurocomputational model of speech production and perception},
  author={Kr{\"o}ger, Bernd J and Kannampuzha, Jim and Neuschaefer-Rube, Christiane},
  journal={Speech Communication},
  volume={51},
  number={9},
  pages={793--809},
  year={2009},
  publisher={Elsevier}
}
@incollection{kroger2009a,
  title={Articulatory synthesis of speech and singing: State of the art and suggestions for future research},
  author={Kr{\"o}ger, Bernd J and Birkholz, Peter},
  booktitle={Multimodal Signals: Cognitive and Algorithmic Issues},
  pages={306--319},
  year={2009},
  publisher={Springer}
}
@article{macneil2011,
  title={Fine-tuning and the stability of recurrent neural networks},
  author={MacNeil, David and Eliasmith, Chris},
  journal={PloS one},
  volume={6},
  number={9},
  pages={e22885},
  year={2011},
  publisher={Public Library of Science}
}
@article{maeda1982,
  title={A digital simulation method of the vocal-tract system},
  author={Maeda, Shinji},
  journal={Speech communication},
  volume={1},
  number={3},
  pages={199--229},
  year={1982},
  publisher={Elsevier}
}
@article{mermelstein1973,
  title={Articulatory model for the study of speech production},
  author={Mermelstein, Paul},
  journal={The Journal of the Acoustical Society of America},
  volume={53},
  number={4},
  pages={1070--1082},
  year={1973},
  publisher={Acoustical Society of America}
}
@article{meyer1989,
  title={A quasiarticulatory speech synthesizer for {G}erman language running in real time},
  author={Meyer, Peter and Wilhelms, Reiner and Strube, Hans Werner},
  journal={The Journal of the Acoustical Society of America},
  volume={86},
  number={2},
  pages={523--539},
  year={1989},
  publisher={Acoustical Society of America}
}
@article{mohri2000,
  title={The design principles of a weighted finite-state transducer library},
  author={Mohri, Mehryar and Pereira, Fernando and Riley, Michael},
  journal={Theoretical Computer Science},
  volume={231},
  number={1},
  pages={17--32},
  year={2000},
  publisher={Elsevier}
}
@article{mohri2002,
  title={Weighted finite-state transducers in speech recognition},
  author={Mohri, Mehryar and Pereira, Fernando and Riley, Michael},
  journal={Computer Speech \& Language},
  volume={16},
  number={1},
  pages={69--88},
  year={2002},
  publisher={Elsevier}
}
@article{nakanishi2008,
  title={Operational space control: A theoretical and empirical comparison},
  author={Nakanishi, Jun and Cory, Rick and Mistry, Michael and Peters, Jan and Schaal, Stefan},
  journal={The International Journal of Robotics Research},
  volume={27},
  number={6},
  pages={737--757},
  year={2008},
  publisher={SAGE Publications}
}
@article{oshaughnessy1988,
  title={Linear predictive coding},
  author={O'Shaughnessy, Douglas},
  journal={IEEE Potentials},
  volume={7},
  number={1},
  pages={29--32},
  year={1988},
  publisher={IEEE}
}
@article{peters2008,
  title={Learning to control in operational space},
  author={Peters, Jan and Schaal, Stefan},
  journal={The International Journal of Robotics Research},
  volume={27},
  number={2},
  pages={197--212},
  year={2008},
  publisher={SAGE Publications}
}
@inproceedings{prom2013,
  title={Training an articulatory synthesizer with continuous acoustic data},
  author={Prom-on, Santitham and Birkholz, Peter and Xu, Yi},
  booktitle={INTERSPEECH},
  pages={349--353},
  year={2013}
}
@article{rabiner1989,
  title={A tutorial on hidden {M}arkov models and selected applications in speech recognition},
  author={Rabiner, Lawrence},
  journal={Proceedings of the IEEE},
  volume={77},
  number={2},
  pages={257--286},
  year={1989},
  publisher={IEEE}
}
@article{reynolds1995,
  title={Robust text-independent speaker identification using {G}aussian mixture speaker models},
  author={Reynolds, Douglas A and Rose, Richard C},
  journal={IEEE Transactions onSpeech and Audio Processing},
  volume={3},
  number={1},
  pages={72--83},
  year={1995},
  publisher={IEEE}
}
@inproceedings{sagae2009,
  title={Towards natural language understanding of partial speech recognition results in dialogue systems},
  author={Sagae, Kenji and Christian, Gwen and DeVault, David and Traum, David R},
  booktitle={Proceedings of The 2009 Annual Conference of the North American Chapter of the Association for Computational Linguistics},
  pages={53--56},
  year={2009},
  organization={Association for Computational Linguistics}
}
@incollection{schaal2006,
  title={Dynamic movement primitives: A framework for motor control in humans and humanoid robotics},
  author={Schaal, Stefan},
  booktitle={Adaptive Motion of Animals and Machines},
  pages={261--280},
  year={2006},
  publisher={Springer}
}
@inproceedings{schroder2001,
  title={Emotional speech synthesis: a review.},
  author={Schr{\"o}der, Marc},
  booktitle={INTERSPEECH},
  pages={561--564},
  year={2001}
}
@article{scott2003,
  title={The neuroanatomical and functional organization of speech perception},
  author={Scott, Sophie K and Johnsrude, Ingrid S},
  journal={Trends in Neurosciences},
  volume={26},
  number={2},
  pages={100--107},
  year={2003},
  publisher={Elsevier}
}
@article{sondhi1987,
  title={A hybrid time-frequency domain articulatory speech synthesizer},
  author={Sondhi, Man Mohan and Schroeter, Juergen},
  journal={IEEE Transactions on Acoustics, Speech and Signal Processing},
  volume={35},
  number={7},
  pages={955--967},
  year={1987},
  publisher={IEEE}
}
@article{stevens1937,
  title={A scale for the measurement of the psychological magnitude pitch},
  author={Stevens, Stanley Smith and Volkmann, John and Newman, Edwin B},
  journal={The Journal of the Acoustical Society of America},
  volume={8},
  number={3},
  pages={185--190},
  year={1937}
}
@article {stewart2012,
  title = {Learning to select actions with spiking neurons in the basal ganglia},
  journal = {Frontiers in Decision Neuroscience},
  volume = {6},
  year = {2012},
  doi = {10.3389/fnins.2012.00002},
  author = {Terrence C. Stewart and Trevor Bekolay and Chris Eliasmith}
}
@inproceedings{warlaumont2012,
  title={A spiking neural network model of canonical babbling development},
  author={Warlaumont, Anne S},
  booktitle={2012 IEEE International Conference on Development and Learning and Epigenetic Robotics},
  pages={1--6},
  year={2012},
  organization={IEEE}
}
@inproceedings{warlaumont2013,
  title={Salience-based reinforcement of a spiking neural network leads to increased syllable production},
  author={Warlaumont, Anne S},
  booktitle={2013 IEEE Third Joint International Conference on Development and Learning and Epigenetic Robotics},
  pages={1--7},
  year={2013},
  organization={IEEE}
}
@article{yildiz2013,
  title={From Birdsong to Human Speech Recognition: Bayesian Inference on a Hierarchy of Nonlinear Dynamical Systems},
  author={Yildiz, Izzet B and von Kriegstein, Katharina and Kiebel, Stefan J},
  journal={PLoS Computational Biology},
  volume={9},
  number={9},
  pages={e1003219},
  year={2013},
  publisher={Public Library of Science}
}
@inproceedings{zen2007,
  title={The {HMM}-based speech synthesis system ({HTS}) version 2.0},
  author={Zen, Heiga and Nose, Takashi and Yamagishi, Junichi and Sako, Shinji and Masuko, Takashi and Black, Alan and Tokuda, Keiichi},
  booktitle={Proc. of Sixth ISCA Workshop on Speech Synthesis},
  pages={294--299},
  year={2007}
}
@article{zen2009,
  title={Statistical parametric speech synthesis},
  author={Zen, Heiga and Tokuda, Keiichi and Black, Alan W},
  journal={Speech Communication},
  volume={51},
  number={11},
  pages={1039--1064},
  year={2009},
  publisher={Elsevier}
}
@inproceedings{zen2013,
  title={Statistical parametric speech synthesis using deep neural networks},
  year={2013},
  author={Zen, Heiga and Senior, Andrew and Schuster, Mike},
  booktitle={2013 IEEE International Conference on Acoustics, Speech and Signal Processing},
  pages={7962--7966},
  organization={IEEE}
}
@article{zhang2001,
  title={A phenomenological model for the responses of auditory-nerve fibers: I. Nonlinear tuning with compression and suppression},
  author={Zhang, Xuedong and Heinz, Michael G and Bruce, Ian C and Carney, Laurel H},
  journal={The Journal of the Acoustical Society of America},
  volume={109},
  pages={648--670},
  year={2001}
}
@article{zilany2006,
  title={Modeling auditory-nerve responses for high sound pressure levels in the normal and impaired auditory periphery},
  author={Zilany, Muhammad SA and Bruce, Ian C},
  journal={The Journal of the Acoustical Society of America},
  volume={120},
  number={3},
  pages={1446--1466},
  year={2006}
}
@article{zilany2007,
  title={Representation of the vowel/$\varepsilon$/in normal and impaired auditory nerve fibers: model predictions of responses in cats},
  author={Zilany, Muhammad SA and Bruce, Ian C},
  journal={The Journal of the Acoustical Society of America},
  volume={122},
  number={1},
  pages={402--417},
  year={2007}
}
@article{zilany2009,
  title={A phenomenological model of the synapse between the inner hair cell and auditory nerve: long-term adaptation with power-law dynamics},
  author={Zilany, Muhammad SA and Bruce, Ian C and Nelson, Paul C and Carney, Laurel H},
  journal={The Journal of the Acoustical Society of America},
  volume={126},
  pages={2390--2412},
  year={2009}
}
@article{zilany2014,
  title={Updated parameters and expanded simulation options for a model of the auditory periphery},
  author={Zilany, Muhammad SA and Bruce, Ian C and Carney, Laurel H},
  journal={The Journal of the Acoustical Society of America},
  volume={135},
  number={1},
  pages={283--286},
  year={2014},
  publisher={Acoustical Society of America}
}